These are the psychological papers

@article{BRE1996,
  title={Lexical entrainment in spontaneous dialog},
  author={Brennan, Susan E},
  journal={Proceedings of ISSD},
  volume={96},
  pages={41--44},
  year={1996}
}

@article{CHAR1999,
  title={The chameleon effect: the perception--behavior link and social interaction.},
  author={Chartrand, Tanya L and Bargh, John A},
  journal={Journal of personality and social psychology},
  volume={76},
  number={6},
  pages={893},
  year={1999},
  publisher={American Psychological Association}
}

@inproceedings{REI2006,
  title={Computational modelling of structural priming in dialogue},
  author={Reitter, David and Keller, Frank and Moore, Johanna D},
  booktitle={Proceedings of the Human Language Technology Conference of the NAACL, Companion Volume: Short Papers},
  pages={121--124},
  year={2006},
  organization={Association for Computational Linguistics}
}

TAMA

@article{KOU2008,
  title={Towards measuring continuous acoustic feature convergence in unconstrained spoken dialogues},
  author={Kousidis, Spyros and Dorran, David and Wang, Yi and Vaughan, Brian and Cullen, Charlie and Campbell, Dermot and McDonnell, Ciaran and Coyle, Eugene},
  year={2008},
  publisher={Dublin Institute of Technology}
}
@inproceedings{KOU2009,
  title={Times series analysis of acoustic feature convergence in human dialogues},
  author={Kousidis, Spyros and Dorran, David and McDonnell, Ciaran and Coyle, Eugene},
  booktitle={Proceedings of Interspeech},
  year={2008}
}
Other Entrainment measuring Methods
@article{DEL2013,
  title={Investigating automatic measurements of prosodic accommodation and its dynamics in social interaction},
  author={De Looze, C{\'e}line and Scherer, Stefan and Vaughan, Brian and Campbell, Nick},
  journal={Speech Communication},
  volume={58},
  pages={11--34},
  year={2014},
  publisher={Elsevier}
}

@inproceedings{LEV2012,
  title={Acoustic-prosodic entrainment and social behavior},
  author={Levitan, Rivka and Gravano, Agust{\'\i}n and Willson, Laura and Benus, Stefan and Hirschberg, Julia and Nenkova, Ani},
  booktitle={Proceedings of the 2012 Conference of the North American Chapter of the Association for Computational Linguistics: Human language technologies},
  pages={11--19},
  year={2012},
  organization={Association for Computational Linguistics}
}

Time series books
@book{CHATFIELD,
  title={The analysis of time series: an introduction},
  author={Chatfield, Chris},
  year={2013},
  publisher={CRC press}
}

Econometric Books

@article{gujarati1999,
  title={Essentials of econometrics},
  author={Gujarati, Damodar N and Porter, Dawn C},
  year={1999},
  publisher={McGraw-Hill New York, NY}
}

Other

@book{GRAV2009,
  title={Turn-taking and affirmative cue words in task-oriented dialogue},
  author={Gravano, Agustin},
  year={2009},
  publisher={Columbia University}
}
